@article{knuth84,
  author = {Knuth, Donald E.},
  title = {Literate Programming},
  year = {1984},
  issue_date = {May 1984},
  publisher = {Oxford University Press, Inc.},
  address = {USA},
  volume = {27},
  number = {2},
  issn = {0010-4620},
  url = {https://doi.org/10.1093/comjnl/27.2.97},
  doi = {10.1093/comjnl/27.2.97},
  journal = {Comput. J.},
  month = may,
  pages = {97â€“111},
  numpages = {15}
}


@book{peng2016r,
  title={R programming for data science},
  author={Peng, Roger D},
  year={2016},
  publisher={Leanpub Victoria, BC, Canada}
}


@article{cox2005,
	title = {A Brief History of Stata on its 20th Anniversary},
	author = {Cox, Nicholas J.},
	year = {2005},
	month = {02},
	date = {2005-02},
	journal = {The Stata Journal: Promoting communications on statistics and Stata},
	pages = {2--18},
	volume = {5},
	number = {1},
	doi = {10.1177/1536867x0500500102},
	url = {http://dx.doi.org/10.1177/1536867X0500500102},
	langid = {en}
}


@book{cohen1988statistical,
  title={Statistical power analysis for the behavioral sciences},
  author={Cohen, J.},
  year={1988},
  publisher={Lawrence Erlbaum Associates},
  address={Hillsdale, NJ},
  edition={2nd},
  isbn={9780805802832},
}

@article{cohen1992power,
  title={A power primer. Psychological Bulletin, 112 (1), 155--159},
  author={Cohen, J.},
  year={1992}
}


@article{87464e34-37bc-3288-807c-e421e5a0d7a6,
 ISSN = {00063444, 14643510},
 URL = {http://www.jstor.org/stable/2331554},
 author = {Student},
 journal = {Biometrika},
 number = {1},
 pages = {1--25},
 publisher = {[Oxford University Press, Biometrika Trust]},
 title = {The Probable Error of a Mean},
 urldate = {2024-09-02},
 volume = {6},
 year = {1908}
}

@article{ziliak2008a,
	title = {Retrospectives: Guinnessometrics: The Economic Foundation of {\textquotedblleft}Student's{\textquotedblright} {\emph{t}}},
	author = {Ziliak, Stephen T},
	year = {2008},
	month = {10},
	date = {2008-10-01},
	journal = {Journal of Economic Perspectives},
	pages = {199--216},
	volume = {22},
	number = {4},
	doi = {10.1257/jep.22.4.199},
	url = {http://dx.doi.org/10.1257/jep.22.4.199},
	langid = {en}
}
